<?xml version="1.0" encoding="UTF-8"?><record xmlns="http://www.loc.gov/MARC21/slim" xmlns:cinclude="http://apache.org/cocoon/include/1.0" xmlns:zs="http://www.loc.gov/zing/srw/">
  <leader>00441nz  a2200145n  4500</leader>
  <controlfield tag="001">n  98800288 </controlfield>
  <controlfield tag="003">DLC</controlfield>
  <controlfield tag="005">19980128091524.1</controlfield>
  <controlfield tag="008">980128n| acannaab|          |n aaa |||  </controlfield>
  <datafield tag="010" ind1=" " ind2=" ">
    <subfield code="a">n  98800288 </subfield>
  </datafield>
  <datafield tag="040" ind1=" " ind2=" ">
    <subfield code="a">DNLM</subfield>
    <subfield code="c">DLC</subfield>
  </datafield>
  <datafield tag="100" ind1="1" ind2="0">
    <subfield code="a">Byrne, Margaret C.</subfield>
  </datafield>
  <datafield tag="667" ind1=" " ind2=" ">
    <subfield code="a">b. 1918.</subfield>
  </datafield>
  <datafield tag="670" ind1=" " ind2=" ">
    <subfield code="a">New born, strike one, 1956:</subfield>
    <subfield code="b">credit frame (Margaret Byrne, PhD)</subfield>
  </datafield>
  <datafield tag="670" ind1=" " ind2=" ">
    <subfield code="a">LC/NLM files, Jan. 5, 1998</subfield>
    <subfield code="b">(hdg.: Byrne, Margaret C.; usage: Margaret C. Byrne)</subfield>
  </datafield>
</record>